<record><leader>00000cas a2200000 a 4500</leader><controlfield tag="001">29391259</controlfield><controlfield tag="008">931126d199u1996iluwr ne      0   a0eng c</controlfield><datafield ind1=" " ind2=" " tag="010"><subfield code="a">sn 93057209 </subfield></datafield><datafield ind1=" " ind2=" " tag="040"><subfield code="a">NVF</subfield><subfield code="b">eng</subfield><subfield code="c">NVF</subfield><subfield code="d">NSD</subfield><subfield code="d">CVF</subfield><subfield code="d">OCLCQ</subfield><subfield code="d">OCLCF</subfield><subfield code="d">OCLCO</subfield><subfield code="d">NVF</subfield><subfield code="d">OCLCO</subfield></datafield><datafield ind1=" " ind2=" " tag="012"><subfield code="j">0</subfield><subfield code="m">d</subfield></datafield><datafield ind1="0" ind2=" " tag="022"><subfield code="a">1079-1280</subfield><subfield code="l">1079-1280</subfield><subfield code="2">1</subfield></datafield><datafield ind1=" " ind2=" " tag="042"><subfield code="a">pcc</subfield><subfield code="a">nsdp</subfield></datafield><datafield ind1=" " ind2=" " tag="043"><subfield code="a">n-us-il</subfield></datafield><datafield ind1=" " ind2="0" tag="222"><subfield code="a">North Center Lincoln Belmont Lake View booster</subfield></datafield><datafield ind1="0" ind2="0" tag="245"><subfield code="a">North Center Lincoln Belmont Lake View booster.</subfield></datafield><datafield ind1="1" ind2="0" tag="246"><subfield code="a">Booster</subfield></datafield><datafield ind1="3" ind2=" " tag="246"><subfield code="a">North Center Lincoln Belmont Lakeview booster</subfield></datafield><datafield ind1=" " ind2=" " tag="260"><subfield code="a">Chicago, Ill. :</subfield><subfield code="b">Lerner Communications</subfield></datafield><datafield ind1="3" ind2=" " tag="260"><subfield code="3">Sept. 28, 1996-&lt;&gt;</subfield><subfield code="a">Lincolnwood, Ill. :</subfield><subfield code="b">Lerner Communications</subfield></datafield><datafield ind1=" " ind2=" " tag="300"><subfield code="a">v.</subfield></datafield><datafield ind1=" " ind2=" " tag="310"><subfield code="a">Weekly</subfield></datafield><datafield ind1=" " ind2=" " tag="580"><subfield code="a">Formed by the union of: Northcenter-Irving Park booster, and: Lincoln-Belmont booster, and: Lincoln Park-Lake View booster..</subfield></datafield><datafield ind1=" " ind2=" " tag="588"><subfield code="a">Description based on: 72nd year, no. 38 (Apr. 14, 1993).</subfield></datafield><datafield ind1=" " ind2=" " tag="588"><subfield code="a">Latest issue consulted: July 17, 1996.</subfield></datafield><datafield ind1=" " ind2="0" tag="650"><subfield code="a">Community newspapers</subfield><subfield code="z">Illinois</subfield><subfield code="z">Chicago.</subfield></datafield><datafield ind1=" " ind2="0" tag="651"><subfield code="a">North Center (Chicago, Ill.)</subfield><subfield code="v">Newspapers.</subfield></datafield><datafield ind1=" " ind2="0" tag="651"><subfield code="a">Lincoln Park (Chicago, Ill. : City section)</subfield><subfield code="v">Newspapers.</subfield></datafield><datafield ind1=" " ind2="0" tag="651"><subfield code="a">Belmont Gardens (Chicago, Ill.)</subfield><subfield code="v">Newspapers.</subfield></datafield><datafield ind1=" " ind2="0" tag="651"><subfield code="a">Lakeview (Chicago, Ill.)</subfield><subfield code="v">Newspapers.</subfield></datafield><datafield ind1=" " ind2="0" tag="651"><subfield code="a">Irving Park (Chicago, Ill.)</subfield><subfield code="v">Newspapers.</subfield></datafield><datafield ind1=" " ind2="7" tag="651"><subfield code="a">Illinois</subfield><subfield code="z">Chicago</subfield><subfield code="z">Lakeview.</subfield><subfield code="2">fast</subfield><subfield code="0">(OCoLC)fst01319930</subfield></datafield><datafield ind1=" " ind2="7" tag="655"><subfield code="a">Newspapers.</subfield><subfield code="2">fast</subfield><subfield code="0">(OCoLC)fst01423814</subfield></datafield><datafield ind1=" " ind2=" " tag="752"><subfield code="a">United States</subfield><subfield code="b">Illinois</subfield><subfield code="c">Cook</subfield><subfield code="d">Chicago.</subfield></datafield><datafield ind1=" " ind2=" " tag="752"><subfield code="a">United States</subfield><subfield code="b">Illinois</subfield><subfield code="c">Cook</subfield><subfield code="d">Lincolnwood.</subfield></datafield><datafield ind1="1" ind2="4" tag="780"><subfield code="t">Northcenter-Irving Park booster</subfield><subfield code="w">(DLC)sn 91055354</subfield><subfield code="w">(OCoLC)23940552</subfield></datafield><datafield ind1="1" ind2="4" tag="780"><subfield code="t">Lincoln-Belmont booster</subfield><subfield code="w">(DLC)sn 91055356</subfield><subfield code="w">(OCoLC)23939658</subfield></datafield><datafield ind1="1" ind2="4" tag="780"><subfield code="t">Lincoln Park-Lake View booster.</subfield><subfield code="w">(DLC)sn 91055357</subfield><subfield code="w">(OCoLC)23939644</subfield></datafield><datafield ind1="0" ind2="0" tag="785"><subfield code="t">Booster</subfield><subfield code="b">(Lincolnwood, Ill.)</subfield><subfield code="x">1091-6431</subfield><subfield code="w">(DLC)sn 96006545</subfield><subfield code="w">(OCoLC)35907983</subfield></datafield></record>